<record><leader>00000cas a2200000 i 4500</leader><controlfield tag="001">15242601</controlfield><controlfield tag="008">870226d19171958inuwr ne      0    0eng c</controlfield><datafield ind1=" " ind2=" " tag="010"><subfield code="a">sn 87055276 </subfield></datafield><datafield ind1=" " ind2=" " tag="040"><subfield code="a">NPI</subfield><subfield code="b">eng</subfield><subfield code="e">rda</subfield><subfield code="c">NPI</subfield><subfield code="d">OCLCQ</subfield><subfield code="d">IUL</subfield><subfield code="d">OCLCF</subfield></datafield><datafield ind1=" " ind2=" " tag="042"><subfield code="a">pcc</subfield></datafield><datafield ind1=" " ind2=" " tag="043"><subfield code="a">n-us-in</subfield></datafield><datafield ind1="0" ind2="0" tag="245"><subfield code="a">Clinton County review.</subfield></datafield><datafield ind1=" " ind2="1" tag="264"><subfield code="a">Colfax, Indiana :</subfield><subfield code="b">Warren C. Bowers</subfield></datafield><datafield ind1=" " ind2=" " tag="300"><subfield code="a">volumes</subfield></datafield><datafield ind1=" " ind2=" " tag="310"><subfield code="a">Weekly</subfield></datafield><datafield ind1=" " ind2=" " tag="336"><subfield code="a">text</subfield><subfield code="b">txt</subfield><subfield code="2">rdacontent</subfield></datafield><datafield ind1=" " ind2=" " tag="337"><subfield code="a">unmediated</subfield><subfield code="b">n</subfield><subfield code="2">rdamedia</subfield></datafield><datafield ind1=" " ind2=" " tag="338"><subfield code="a">volume</subfield><subfield code="b">nc</subfield><subfield code="2">rdacarrier</subfield></datafield><datafield ind1="1" ind2=" " tag="362"><subfield code="a">Began in 1917? Ceased in 1958?</subfield></datafield><datafield ind1=" " ind2=" " tag="500"><subfield code="a">Aug. 29, 1958 issue announces that "Future publication plans are uncertain."</subfield></datafield><datafield ind1=" " ind2=" " tag="500"><subfield code="a">Published by:  Walter F. Rutter, &lt;1937-&gt;</subfield></datafield><datafield ind1=" " ind2=" " tag="588"><subfield code="a">Description based on: Volume 40, number 29 (July 13, 1917); title from masthead, U.S. Newspaper Archived (viewed July 28, 2017).</subfield></datafield><datafield ind1=" " ind2=" " tag="588"><subfield code="a">Latest issue consulted: Vol. 61, no. 20 (Aug. 26, 1937).</subfield></datafield><datafield ind1=" " ind2="0" tag="651"><subfield code="a">Colfax (Clinton County, Ind.)</subfield><subfield code="v">Newspapers.</subfield></datafield><datafield ind1=" " ind2="0" tag="651"><subfield code="a">Clinton County (Ind.)</subfield><subfield code="v">Newspapers.</subfield></datafield><datafield ind1=" " ind2="7" tag="651"><subfield code="a">Indiana</subfield><subfield code="z">Clinton County.</subfield><subfield code="2">fast</subfield><subfield code="0">(OCoLC)fst01211156</subfield></datafield><datafield ind1=" " ind2="7" tag="651"><subfield code="a">Indiana</subfield><subfield code="z">Colfax (Clinton County)</subfield><subfield code="2">fast</subfield><subfield code="0">(OCoLC)fst01319602</subfield></datafield><datafield ind1=" " ind2="7" tag="655"><subfield code="a">Newspapers.</subfield><subfield code="2">fast</subfield><subfield code="0">(OCoLC)fst01423814</subfield></datafield><datafield ind1=" " ind2=" " tag="752"><subfield code="a">United States</subfield><subfield code="b">Indiana</subfield><subfield code="c">Clinton</subfield><subfield code="d">Colfax.</subfield></datafield><datafield ind1="0" ind2="0" tag="780"><subfield code="t">Colfax standard</subfield><subfield code="w">(DLC)sn 89099008</subfield><subfield code="w">(OCoLC)19809297</subfield></datafield><datafield ind1="4" ind2="1" tag="856"><subfield code="u">https://access.newspaperarchive.com/us/indiana/colfax/colfax-clinton-county-review/</subfield></datafield></record>